<collection xmlns="http://www.loc.gov/MARC21/slim">
<record>
  <leader>00927nam0a22002171i 450 </leader>
  <controlfield tag="001">IT\ICCU\CNCE\038656</controlfield>
  <controlfield tag="005">20150710000000.0</controlfield>
  <datafield tag="012" ind1=" " ind2=" ">
    <subfield code="a">t.ne esd. a.a. quHo (C) 1600 (R)</subfield>
    <subfield code="2">fei</subfield>
  </datafield>
  <datafield tag="100" ind1=" " ind2=" ">
    <subfield code="a">19981102d1600        0itac0103    ba</subfield>
  </datafield>
  <datafield tag="101" ind1=" " ind2=" ">
    <subfield code="a">LAT</subfield>
  </datafield>
  <datafield tag="102" ind1=" " ind2=" ">
    <subfield code="a">IT</subfield>
  </datafield>
  <datafield tag="200" ind1="1" ind2=" ">
    <subfield code="a">Ordo recitandi diuinum officium pro anno bissextilis MDC, secundum ritum Sanctae Romanae Ecclesiae et Taruisinae. Illustrissimi ac reuerendissimi d.d. Aloysii Molini archiepiscopi, episcopi Taruisini, jussu editum</subfield>
  </datafield>
  <datafield tag="210" ind1=" " ind2=" ">
    <subfield code="a">Taruisii</subfield>
    <subfield code="c">apud Fabricium Zanettum</subfield>
    <subfield code="d">1600</subfield>
  </datafield>
  <datafield tag="215" ind1=" " ind2=" ">
    <subfield code="a">8 c.</subfield>
    <subfield code="d">8ʻ</subfield>
  </datafield>
  <datafield tag="620" ind1=" " ind2=" ">
    <subfield code="a">IT</subfield>
    <subfield code="d">Treviso</subfield>
  </datafield>
  <datafield tag="710" ind1="0" ind2="2">
    <subfield code="a">Treviso</subfield>
    <subfield code="c"> &lt;Diocesi&gt;</subfield>
    <subfield code="3">8620</subfield>
  </datafield>
  <datafield tag="712" ind1="0" ind2="0">
    <subfield code="a">Zanetti, Fabrizio</subfield>
    <subfield code="3">IT\ICCU\CNCT\000127</subfield>
    <subfield code="4">650</subfield>
  </datafield>
  <datafield tag="791" ind1="0" ind2="2">
    <subfield code="a">Dioecesis Tarvisina</subfield>
    <subfield code="3">24615</subfield>
    <subfield code="z">Treviso &lt;Diocesi&gt;</subfield>
  </datafield>
  <datafield tag="791" ind1="0" ind2="0">
    <subfield code="a">Zanettus, Fabritius</subfield>
    <subfield code="3">IT\ICCU\CNCT\005794</subfield>
    <subfield code="z">Zanetti, Fabrizio</subfield>
  </datafield>
  <datafield tag="801" ind1=" " ind2="3">
    <subfield code="a">IT</subfield>
    <subfield code="b">ICCU</subfield>
    <subfield code="c">20201114</subfield>
  </datafield>
  <datafield tag="899" ind1=" " ind2=" ">
    <subfield code="a">Biblioteca capitolare della Cattedrale. Treviso</subfield>
    <subfield code="1">TV0111</subfield>
    <subfield code="2">PBE 60</subfield>
  </datafield>
</record>
</collection>
